<?xml version="1.0" encoding="UTF-8"?><record xmlns="http://www.loc.gov/MARC21/slim" xmlns:cinclude="http://apache.org/cocoon/include/1.0" xmlns:zs="http://www.loc.gov/zing/srw/">
  <leader>00387cz  a2200133n  4500</leader>
  <controlfield tag="001">n  84002193 </controlfield>
  <controlfield tag="003">DLC</controlfield>
  <controlfield tag="005">20081205075721.0</controlfield>
  <controlfield tag="008">840503n| acannaabn          |n aaa      </controlfield>
  <datafield tag="010" ind1=" " ind2=" ">
    <subfield code="a">n  84002193 </subfield>
  </datafield>
  <datafield tag="035" ind1=" " ind2=" ">
    <subfield code="a">(OCoLC)oca01110165</subfield>
  </datafield>
  <datafield tag="040" ind1=" " ind2=" ">
    <subfield code="a">DLC</subfield>
    <subfield code="b">eng</subfield>
    <subfield code="c">DLC</subfield>
    <subfield code="d">OCoLC</subfield>
  </datafield>
  <datafield tag="100" ind1="1" ind2=" ">
    <subfield code="a">Sribnai, Jean-Pierre</subfield>
  </datafield>
  <datafield tag="670" ind1=" " ind2=" ">
    <subfield code="a">Bernot, D. Dictionnaire birman-francĚ§ais, 1978- :</subfield>
    <subfield code="b">v. 1 t.p. (Jean-Pierre Sribnai)</subfield>
  </datafield>
</record>